@book{Lov1,
	title={Bestemmelser om luftfart med ubemandede luftfartøjer,
som ikke vejer over 25 kg},
	author={Statens Luftfartsvæsen},
	date={9. januar, 2004},
	link={http://selvbetjening.trafikstyrelsen.dk/civilluftfart/Dokumenter/Love%20og%20bestemmelser/Bestemmelser%20for%20Civil%20Luftfart%20(BL)/BL%2009-serien/9\_4\_ud3.pdf}
	}