@misc{Arduino,
      author = "$\copyright$ Arduino",
      title = "Download the Arduino Software",
      month = "22. november",
      year = "2013",
      howpublished = "\url{http://arduino.cc/en/Main/Software}"
}


@misc{QueueList,
      author = "Efstathios Chatzikyriakidis",
      title = "QueueList Library For Arduino",
      month = "13. oktober",
      year = "2013",
      howpublished = "\url{http://playground.arduino.cc/Code/QueueList}"
}

@misc{AQ-software,
      author = "AeroQuad",
      title = "AeroQuad Software",
      month = "3. juli",
      year = "2013",
      howpublished = "\url{http://aeroquad.com/showwiki.php?title=AeroQuad+Software}"
}

@misc{AtmelTiny,
      author = "Atmel",
      title = "Tiny88",
      month = "25. november",
      year = "2013",
      howpublished = "\url{http://www.atmel.com/devices/attiny88.aspx?tab=parameters}"
}

@misc{AtmelMega8,
      author = "Atmel",
      title = "Mega8",
      month = "25. november",
      year = "2013",
      howpublished = "\url{http://www.atmel.com/devices/ATMEGA8.aspx?tab=parameters}"
}
@misc{AtmelMega16,
      author = "Atmel",
      title = "Mega16",
      month = "25. november",
      year = "2013",
      howpublished = "\url{http://www.atmel.com/devices/ATMEGA16.aspx?tab=parameters}"
}
@misc{AtmelMega32,
      author = "Atmel",
      title = "Mega32",
      month = "25. november",
      year = "2013",
      howpublished = "\url{http://www.atmel.com/devices/ATMEGA32.aspx?tab=parameters}"
}
@misc{FIFO,
      author = "Wikipedia",
      title = "FIFO",
      month = "22. november",
      year = "2013",
      howpublished = "\url{http://en.wikipedia.org/wiki/FIFO}"
}

@techreport{Lov1,
    author    = "Kurt Lykstoft Larsen",
    title     = "Bestemmelser om luftfart med ubemandede luftfartøjer, som ikke vejer over 25 kg",
    institution = "Statens Luftfartsvæsen",
    year      = "2004",
    month    = "januar",
	note     = "\url{http://selvbetjening.trafikstyrelsen.dk/civilluftfart/Dokumenter/Love\%20og\%20bestemmelser/Bestemmelser\%20for\%20Civil\%20Luftfart\%20(BL)/BL\%2009-serien/9\_4\_ud3.pdf}"
}
